%% This BibTeX bibliography file was created using BibDesk.
%% https://bibdesk.sourceforge.io/

%% Created for Shin-Cheng Mu at 2022-03-16 22:03:34 +0800 


%% Saved with string encoding Unicode (UTF-8) 



@misc{Dijkstra:98:Cruelty,
	author = {Dijkstra, Edsger Wybe},
	date-added = {2022-03-16 22:03:28 +0800},
	date-modified = {2022-03-16 22:03:28 +0800},
	howpublished = {EWD 1036},
	institution = {Eindhoven University of Technology},
	month = {December},
	number = {EWD 1036},
	title = {On the cruelty of really teaching computing science},
	year = {1998}}

@book{Backhouse:11:Algorithmic,
	author = {Backhouse, Roland Carl},
	date-added = {2022-03-16 21:46:46 +0800},
	date-modified = {2022-03-16 21:46:46 +0800},
	publisher = {Wiley},
	title = {Algorithmic Problem Solving},
	year = {2011}}

@book{Backhouse:03:Program,
	author = {Backhouse, Roland Carl},
	date-added = {2022-03-16 21:46:39 +0800},
	date-modified = {2022-03-16 21:46:39 +0800},
	publisher = {John Wiley {\&} Sons, Ltd.},
	title = {Program Construction: Calculating Implementations from Specifications},
	year = {2003}}

@book{Bird:10:Pearls,
	author = {Bird, Richard Simpson},
	date-added = {2022-03-16 21:46:08 +0800},
	date-modified = {2022-03-16 21:46:08 +0800},
	publisher = {Cambridge University Press},
	title = {Pearls of Functional Algorithm Design},
	year = {2010},
	bdsk-file-1 = {YnBsaXN0MDDSAQIDBFxyZWxhdGl2ZVBhdGhZYWxpYXNEYXRhXxAkLi4vLi4vTGlicmFyeS9CaXJkLlIvQmlyZC5SMjAxMGEucGRmTxEBYAAAAAABYAACAAAMTWFjaW50b3NoIEhEAAAAAAAAAAAAAAAAAAAAAAAAAEJEAAH/////D0JpcmQuUjIwMTBhLnBkZgAAAAAAAAAAAAAAAAAAAAAAAAAAAAAAAAAAAAAAAAAAAAAAAAAAAAAAAAAAAAAAAP////8AAAAAAAAAAAAAAAAAAgADAAAKIGN1AAAAAAAAAAAAAAAAAAZCaXJkLlIAAgA0LzpVc2VyczpzY206RG9jdW1lbnRzOkxpYnJhcnk6QmlyZC5SOkJpcmQuUjIwMTBhLnBkZgAOACAADwBCAGkAcgBkAC4AUgAyADAAMQAwAGEALgBwAGQAZgAPABoADABNAGEAYwBpAG4AdABvAHMAaAAgAEgARAASADJVc2Vycy9zY20vRG9jdW1lbnRzL0xpYnJhcnkvQmlyZC5SL0JpcmQuUjIwMTBhLnBkZgATAAEvAAAVAAIACv//AAAACAANABoAJABLAAAAAAAAAgEAAAAAAAAABQAAAAAAAAAAAAAAAAAAAa8=}}

@article{Zantema:92:Longest,
	author = {Zantema, Hans},
	date-added = {2022-03-16 21:34:50 +0800},
	date-modified = {2022-03-16 21:34:50 +0800},
	journal = {Science of Computer Programming},
	number = {1},
	pages = {39-66},
	title = {Longest segment problems},
	volume = {18},
	year = {1992},
	bdsk-file-1 = {YnBsaXN0MDDSAQIDBFxyZWxhdGl2ZVBhdGhZYWxpYXNEYXRhXxApLi4vLi4vTGlicmFyeS9aYW50ZW1hLkgvWmFudGVtYS5IMTk5Mi5wZGZPEQF0AAAAAAF0AAIAAAxNYWNpbnRvc2ggSEQAAAAAAAAAAAAAAAAAAAAAAAAAQkQAAf////8RWmFudGVtYS5IMTk5Mi5wZGYAAAAAAAAAAAAAAAAAAAAAAAAAAAAAAAAAAAAAAAAAAAAAAAAAAAAAAAAAAAAA/////wAAAAAAAAAAAAAAAAACAAMAAAogY3UAAAAAAAAAAAAAAAAACVphbnRlbWEuSAAAAgA5LzpVc2VyczpzY206RG9jdW1lbnRzOkxpYnJhcnk6WmFudGVtYS5IOlphbnRlbWEuSDE5OTIucGRmAAAOACQAEQBaAGEAbgB0AGUAbQBhAC4ASAAxADkAOQAyAC4AcABkAGYADwAaAAwATQBhAGMAaQBuAHQAbwBzAGgAIABIAEQAEgA3VXNlcnMvc2NtL0RvY3VtZW50cy9MaWJyYXJ5L1phbnRlbWEuSC9aYW50ZW1hLkgxOTkyLnBkZgAAEwABLwAAFQACAAr//wAAAAgADQAaACQAUAAAAAAAAAIBAAAAAAAAAAUAAAAAAAAAAAAAAAAAAAHI}}

@article{Rem:89:Small,
	author = {Rem, Martin},
	date-added = {2022-03-16 21:32:42 +0800},
	date-modified = {2022-03-16 21:32:42 +0800},
	journal = {Science of Computer Programming},
	number = {1},
	pages = {75-81},
	title = {Small programming exercises 23},
	volume = {12},
	year = {1989}}

@article{Rem:90:Small,
	author = {Rem, Martin},
	date-added = {2022-03-16 21:32:42 +0800},
	date-modified = {2022-03-16 21:32:42 +0800},
	journal = {Science of Computer Programming},
	number = {1},
	pages = {97-101},
	title = {Small programming exercises 24},
	volume = {14},
	year = {1990}}

@article{Hoare:69:Axiomatic,
	author = {Hoare, Charles Anthony Richard},
	date-added = {2022-03-15 23:48:45 +0800},
	date-modified = {2022-03-15 23:48:45 +0800},
	journal = {Communications of the ACM},
	month = {October},
	number = {10},
	pages = {576-585},
	title = {An axiomatic basis for computer programming},
	volume = {12},
	year = {1969}}

@article{Dijkstra:74:Programming,
	author = {Dijkstra, Edsger Wybe},
	date-added = {2022-03-15 23:23:01 +0800},
	date-modified = {2022-03-15 23:30:18 +0800},
	journal = {American Mathematical Monthly},
	month = {May},
	note = {{EWD} 361},
	number = {6},
	pages = {608-612},
	title = {Programming as a discipline of mathematical nature},
	volume = {81},
	year = {1974}}

@inproceedings{Runge:19:Tool,
	author = {Runge, Tobias and Schaefer, Ina and Cleophas, Loek and Th\"{u}m, Thomas and Kourie, Derrick and Watson, Bruce W},
	crossref = {FASE:19},
	date-added = {2022-03-15 17:47:16 +0800},
	date-modified = {2022-03-15 17:47:16 +0800},
	pages = {25-42},
	title = {Tool support for correctness-by-construction}}

@book{Kaldewaij:90:Programming,
	author = {Kaldewaij, Anne},
	date-added = {2022-03-15 17:46:40 +0800},
	date-modified = {2022-03-15 17:46:40 +0800},
	publisher = {Prentice Hall},
	title = {Programming: the Derivation of Algorithms},
	year = {1990}}

@book{Morgan:90:Programming,
	author = {Morgan, C. Carroll},
	date-added = {2022-03-15 17:44:58 +0800},
	date-modified = {2022-03-15 17:44:58 +0800},
	publisher = {Prentice Hall},
	title = {Programming from Specifications},
	year = {1990}}

@book{Gries:81:Science,
	author = {Gries, David},
	date-added = {2022-03-15 17:44:51 +0800},
	date-modified = {2022-03-15 17:44:51 +0800},
	publisher = {Springer Verlag},
	title = {The Science of Programming},
	year = {1981}}

@book{DijkstraScholten:90:Predicate,
	author = {Dijkstra, Edsger Wybe and Scholten, Carel S.},
	date-added = {2022-03-15 17:44:42 +0800},
	date-modified = {2022-03-15 17:44:42 +0800},
	publisher = {Springer-Verlag},
	title = {Predicate Calculus and Program Semantics},
	year = {1990}}

@article{Dijkstra:75:Guarded,
	author = {Dijkstra, Edsger Wybe},
	date-added = {2022-03-15 17:43:52 +0800},
	date-modified = {2022-03-15 17:43:52 +0800},
	journal = {Communications of the ACM},
	number = {8},
	pages = {453-457},
	title = {Guarded commands, nondeterminacy and formal derivation of programs},
	volume = {18},
	year = {1975}}

@book{Dijkstra:76:Discipline,
	author = {Dijkstra, Edsger Wybe},
	date-added = {2022-03-15 17:43:39 +0800},
	date-modified = {2022-03-15 17:43:39 +0800},
	publisher = {Prentice Hall},
	title = {A Discipline of Programming},
	year = {1976}}

@proceedings{FASE:19,
	booktitle = {Fundamental Approaches to Software Engineering},
	date-added = {2022-03-15 17:47:41 +0800},
	date-modified = {2022-03-15 17:47:41 +0800},
	editor = {H\"{a}hnle, Reiner and van der Aalst, Will},
	publisher = {Springer-Verlag},
	title = {Fundamental Approaches to Software Engineering},
	year = {2019}}
